<record><leader>00000cas a2200000 a 4500</leader><controlfield tag="001">11460471</controlfield><controlfield tag="008">841206d19811990cauwr ne      0   a0eng c</controlfield><datafield ind1=" " ind2=" " tag="010"><subfield code="a">sn 84002068 </subfield></datafield><datafield ind1=" " ind2=" " tag="040"><subfield code="a">NSD</subfield><subfield code="b">eng</subfield><subfield code="c">NSD</subfield><subfield code="d">CNK</subfield><subfield code="d">OCLCQ</subfield><subfield code="d">CNK</subfield><subfield code="d">OCLCF</subfield><subfield code="d">OCLCO</subfield></datafield><datafield ind1=" " ind2=" " tag="012"><subfield code="m">x</subfield></datafield><datafield ind1="1" ind2=" " tag="022"><subfield code="a">8750-4596</subfield><subfield code="l">8750-4596</subfield><subfield code="2">1</subfield></datafield><datafield ind1="1" ind2=" " tag="029"><subfield code="a">AU@</subfield><subfield code="b">000020343881</subfield></datafield><datafield ind1=" " ind2=" " tag="037"><subfield code="b">Times-Observer, 236 N. Santa Cruz Ave., Room 105A, Los Gatos, CA 95030</subfield></datafield><datafield ind1=" " ind2=" " tag="042"><subfield code="a">nsdp</subfield><subfield code="a">pcc</subfield></datafield><datafield ind1=" " ind2=" " tag="043"><subfield code="a">n-us-ca</subfield></datafield><datafield ind1="0" ind2=" " tag="130"><subfield code="a">Los Gatos times-observer (Subscriber edition)</subfield></datafield><datafield ind1=" " ind2="0" tag="222"><subfield code="a">Los Gatos times-observer</subfield><subfield code="b">(Subscriber ed.)</subfield></datafield><datafield ind1="0" ind2="0" tag="245"><subfield code="a">Los Gatos times-observer.</subfield></datafield><datafield ind1="3" ind2="0" tag="246"><subfield code="a">Times observer</subfield></datafield><datafield ind1=" " ind2=" " tag="250"><subfield code="a">Subscriber ed.</subfield></datafield><datafield ind1=" " ind2=" " tag="260"><subfield code="a">Cupertino, CA :</subfield><subfield code="b">Roy Boody</subfield></datafield><datafield ind1=" " ind2=" " tag="310"><subfield code="a">Weekly,</subfield><subfield code="b">Feb. 1, 1984-Aug. 8, 1990</subfield></datafield><datafield ind1=" " ind2=" " tag="321"><subfield code="a">Semiweekly,</subfield><subfield code="b">Mar. 27, 1981-Jan. 24, 1984</subfield></datafield><datafield ind1=" " ind2=" " tag="515"><subfield code="a">Numbering is irregular.</subfield></datafield><datafield ind1=" " ind2=" " tag="580"><subfield code="a">Includes as insert: Los Gatos times-observer (General news edition).</subfield></datafield><datafield ind1=" " ind2=" " tag="588"><subfield code="a">Description based on: Vol. 48, no. 43 (Tuesday, Oct. 23, 1984).</subfield></datafield><datafield ind1=" " ind2=" " tag="530"><subfield code="a">Master negatives are available for duplication from:</subfield><subfield code="b">California Newspaper Microfilm Archive;</subfield><subfield code="c">for further information consult the CNMA at:</subfield><subfield code="u">http://cbsr.ucr.edu.</subfield></datafield><datafield ind1=" " ind2="0" tag="651"><subfield code="a">Los Gatos (Calif.)</subfield><subfield code="v">Newspapers.</subfield></datafield><datafield ind1=" " ind2="7" tag="655"><subfield code="a">Newspapers.</subfield><subfield code="2">fast</subfield><subfield code="0">(OCoLC)fst01423814</subfield></datafield><datafield ind1=" " ind2="7" tag="651"><subfield code="a">California</subfield><subfield code="z">Los Gatos.</subfield><subfield code="2">fast</subfield><subfield code="0">(OCoLC)fst01215899</subfield></datafield><datafield ind1=" " ind2=" " tag="752"><subfield code="a">United States</subfield><subfield code="b">California</subfield><subfield code="c">Santa Clara</subfield><subfield code="d">Cupertino.</subfield></datafield><datafield ind1="0" ind2="7" tag="785"><subfield code="t">Gatos weekly</subfield><subfield code="w">(DLC)sn 84008883</subfield></datafield><datafield ind1="0" ind2="7" tag="785"><subfield code="t">Gatos weekly times</subfield><subfield code="w">(DLC)sn 98061914</subfield></datafield><datafield ind1="1" ind2=" " tag="787"><subfield code="t">Gatos times-observer (General news edition)</subfield><subfield code="x">8750-4766</subfield></datafield><datafield ind1=" " ind2=" " tag="936"><subfield code="a">Oct. 23, 1984</subfield></datafield></record>